<?xml version="1.0" encoding="UTF-8"?>
  <record xmlns="http://www.loc.gov/MARC21/slim" type="Authority">
    <leader>00000nz  a2200000oc 4500</leader>
    <controlfield tag="001">130433365</controlfield>
    <controlfield tag="003">DE-101</controlfield>
    <controlfield tag="005">20191121180123.0</controlfield>
    <controlfield tag="008">051014n||aznnnaabn           | aaa    |c</controlfield>
    <datafield tag="024" ind1="7" ind2=" ">
      <subfield code="a">130433365</subfield>
      <subfield code="0">http://d-nb.info/gnd/130433365</subfield>
      <subfield code="2">gnd</subfield>
    </datafield>
    <datafield tag="035" ind1=" " ind2=" ">
      <subfield code="a">(DE-101)130433365</subfield>
    </datafield>
    <datafield tag="035" ind1=" " ind2=" ">
      <subfield code="a">(DE-588)130433365</subfield>
    </datafield>
    <datafield tag="035" ind1=" " ind2=" ">
      <subfield code="z">(DE-588a)130433365</subfield>
      <subfield code="9">v:zg</subfield>
    </datafield>
    <datafield tag="040" ind1=" " ind2=" ">
      <subfield code="a">DE-23</subfield>
      <subfield code="c">DE-23</subfield>
      <subfield code="9">r:DE-601</subfield>
      <subfield code="b">ger</subfield>
      <subfield code="d">9999</subfield>
    </datafield>
    <datafield tag="042" ind1=" " ind2=" ">
      <subfield code="a">gnd3</subfield>
    </datafield>
    <datafield tag="043" ind1=" " ind2=" ">
      <subfield code="c">ZZ</subfield>
    </datafield>
    <datafield tag="075" ind1=" " ind2=" ">
      <subfield code="b">p</subfield>
      <subfield code="2">gndgen</subfield>
    </datafield>
    <datafield tag="075" ind1=" " ind2=" ">
      <subfield code="b">piz</subfield>
      <subfield code="2">gndspec</subfield>
    </datafield>
    <datafield tag="079" ind1=" " ind2=" ">
      <subfield code="a">g</subfield>
      <subfield code="q">a</subfield>
      <subfield code="q">f</subfield>
    </datafield>
    <datafield tag="100" ind1="0" ind2=" ">
      <subfield code="a">Franciscus Sebastianus</subfield>
      <subfield code="c">von Altorf</subfield>
      <subfield code="d">1635-1698</subfield>
    </datafield>
    <datafield tag="400" ind1="0" ind2=" ">
      <subfield code="a">Franciscus Sebastianus</subfield>
      <subfield code="c">von Altorff</subfield>
      <subfield code="d">1635-1698</subfield>
    </datafield>
    <datafield tag="400" ind1="1" ind2=" ">
      <subfield code="a">Beroldingen, Franz Sebastian &#152;von&#156;</subfield>
      <subfield code="d">1635-1698</subfield>
    </datafield>
    <datafield tag="400" ind1="0" ind2=" ">
      <subfield code="a">Franciscus Sebastianus</subfield>
      <subfield code="c">ab Altorff</subfield>
      <subfield code="d">1635-1698</subfield>
    </datafield>
    <datafield tag="400" ind1="0" ind2=" ">
      <subfield code="a">Franz Sebastian</subfield>
      <subfield code="c">von Altdorf</subfield>
      <subfield code="d">1635-1698</subfield>
    </datafield>
    <datafield tag="400" ind1="0" ind2=" ">
      <subfield code="a">Franciscus Sebastianus</subfield>
      <subfield code="c">von Altdorf</subfield>
      <subfield code="d">1635-1698</subfield>
    </datafield>
    <datafield tag="400" ind1="0" ind2=" ">
      <subfield code="a">Franciscus Sebastianus</subfield>
      <subfield code="c">Altorffensis</subfield>
      <subfield code="d">1635-1698</subfield>
    </datafield>
    <datafield tag="510" ind1="2" ind2=" ">
      <subfield code="0">(DE-101)000666475</subfield>
      <subfield code="0">(DE-588)66647-6</subfield>
      <subfield code="0">https://d-nb.info/gnd/66647-6</subfield>
      <subfield code="a">Kapuziner</subfield>
      <subfield code="b">Schweizerische Provinz</subfield>
      <subfield code="4">affi</subfield>
      <subfield code="4">https://d-nb.info/standards/elementset/gnd#affiliation</subfield>
      <subfield code="w">r</subfield>
      <subfield code="i">Affiliation</subfield>
      <subfield code="e">Affiliation</subfield>
    </datafield>
    <datafield tag="548" ind1=" " ind2=" ">
      <subfield code="a">1635-1698</subfield>
      <subfield code="4">datl</subfield>
      <subfield code="4">https://d-nb.info/standards/elementset/gnd#dateOfBirthAndDeath</subfield>
      <subfield code="w">r</subfield>
      <subfield code="i">Lebensdaten</subfield>
    </datafield>
    <datafield tag="550" ind1=" " ind2=" ">
      <subfield code="0">(DE-101)04030020X</subfield>
      <subfield code="0">(DE-588)4030020-1</subfield>
      <subfield code="0">https://d-nb.info/gnd/4030020-1</subfield>
      <subfield code="a">Katholischer Theologe</subfield>
      <subfield code="4">berc</subfield>
      <subfield code="4">https://d-nb.info/standards/elementset/gnd#professionOrOccupation</subfield>
      <subfield code="w">r</subfield>
      <subfield code="i">Charakteristischer Beruf</subfield>
    </datafield>
    <datafield tag="550" ind1=" " ind2=" ">
      <subfield code="0">(DE-101)041214307</subfield>
      <subfield code="0">(DE-588)4121430-4</subfield>
      <subfield code="0">https://d-nb.info/gnd/4121430-4</subfield>
      <subfield code="a">Ordenspriester</subfield>
      <subfield code="4">beru</subfield>
      <subfield code="4">https://d-nb.info/standards/elementset/gnd#professionOrOccupation</subfield>
      <subfield code="w">r</subfield>
      <subfield code="i">Beruf</subfield>
    </datafield>
    <datafield tag="551" ind1=" " ind2=" ">
      <subfield code="0">(DE-101)040013898</subfield>
      <subfield code="0">(DE-588)4001389-3</subfield>
      <subfield code="0">https://d-nb.info/gnd/4001389-3</subfield>
      <subfield code="a">Altdorf</subfield>
      <subfield code="g">Uri</subfield>
      <subfield code="4">ortc</subfield>
      <subfield code="4">https://d-nb.info/standards/elementset/gnd#characteristicPlace</subfield>
      <subfield code="w">r</subfield>
      <subfield code="i">Charakteristischer Ort</subfield>
    </datafield>
    <datafield tag="667" ind1=" " ind2=" ">
      <subfield code="a">VD-17</subfield>
    </datafield>
    <datafield tag="670" ind1=" " ind2=" ">
      <subfield code="a">Lexicon Capuccinum</subfield>
    </datafield>
    <datafield tag="672" ind1=" " ind2="0">
      <subfield code="a">Einsamkeit/ In welcher Der Geistliche durch gewisse Ubung underrichtet wird/ Sich Nach seinem Evangelischen Beruff zu erneuern ... 1686</subfield>
    </datafield>
    <datafield tag="675" ind1=" " ind2=" ">
      <subfield code="a">LCAuth</subfield>
      <subfield code="a">Internat. biogr. Index</subfield>
    </datafield>
    <datafield tag="678" ind1=" " ind2=" ">
      <subfield code="b">Kapuziner</subfield>
    </datafield>
    <datafield tag="913" ind1=" " ind2=" ">
      <subfield code="S">pnd</subfield>
      <subfield code="i">5</subfield>
      <subfield code="a">Franciscus Sebastianus &lt;von Altorf&gt;</subfield>
      <subfield code="0">(DE-588a)130433365</subfield>
    </datafield>
  </record>
